<?xml version="1.0" encoding="UTF-8"?><collection xmlns="http://www.loc.gov/MARC21/slim"><record><leader>01727nam a2200205 a 4500</leader><controlfield tag="001">UNTRadMARC001</controlfield><controlfield tag="005">20050107140440.5</controlfield><controlfield tag="008">050107s                      001 0 eng d</controlfield><datafield tag="040" ind1=" " ind2=" "><subfield code="a">ZinteropUNT</subfield></datafield><datafield tag="100" ind1="1" ind2=" "><subfield code="a">ra1001a1r, ra1001a2r, </subfield><subfield code="d">ra1001d11r.</subfield></datafield><datafield tag="245" ind1="1" ind2="0"><subfield code="a">ra2451a1r ra2451a2r ra2451a3r : </subfield><subfield code="b">ra2451b1r ra2451b2r ra2451b3r / </subfield><subfield code="c">ra2451c1r ra2451c2r ra2451c3r.</subfield></datafield><datafield tag="440" ind1=" " ind2="0"><subfield code="a">ra4401a1r ra4401a2r ra4401a3r</subfield></datafield><datafield tag="490" ind1="1" ind2=" "><subfield code="a">ra4901a1r ra4901a2r ra4901a3r</subfield></datafield><datafield tag="583" ind1=" " ind2=" "><subfield code="a">RadMARC </subfield><subfield code="b">www.unt.edu/zinterop/001 </subfield><subfield code="d">1 </subfield><subfield code="e">ATS </subfield><subfield code="i">1 </subfield><subfield code="k">JungWon Yoon </subfield><subfield code="x">This is a specially created test record for the Z-Interop2 Project under the direction of Dr. William E. Moen  at the Texas Center for Digital Knowledge, University of North Texas. Contact Dr. Moen via email &lt;wemoen@unt.edu&gt; for information about this project. Funding for this project is provided by a National Leadership Grant from the U.S. Federal Institute of Museum and Library Services. This particular record supports testing related to a Books, Pamphlets, and Printed Sheets type of MARC record. The record support test searches for author, title, subject, and any Bath and U.S. National Z39.50 profile-defined searches, Levels 0 and 1, where the threshold of occurrence of the indexable content designation being populated in the record is 19, for the 19 most commonly occurring indexable author, title, and subject fields discovered in a separate analysis. This is the first version of this record.</subfield></datafield><datafield tag="600" ind1="1" ind2="0"><subfield code="a">ra6001a1r ra6001a2r, </subfield><subfield code="d">ra6001d1r.</subfield></datafield><datafield tag="650" ind1=" " ind2="0"><subfield code="a">ra6501a1r ra6501a2r ra6501a3r </subfield><subfield code="x">ra6501x1r </subfield><subfield code="v">ra6501v1r </subfield><subfield code="z">ra6501z1r.</subfield></datafield><datafield tag="651" ind1=" " ind2="0"><subfield code="a">ra6511a1r ra6511a2r </subfield><subfield code="x">ra6511x1r.</subfield></datafield><datafield tag="653" ind1=" " ind2=" "><subfield code="a">ra6531a1r ra6531a2r ra6531a3r</subfield></datafield><datafield tag="700" ind1="1" ind2=" "><subfield code="a">ra7001a1r ra7001a2r, </subfield><subfield code="d">ra7001d1r.</subfield></datafield><datafield tag="710" ind1="2" ind2=" "><subfield code="a">ra7101a1r ra7101a2r.</subfield></datafield></record>