<record><leader>01713nam a2200205 a 4500</leader><controlfield tag="001">UNTRadMARC003</controlfield><controlfield tag="005">20050107142040.7</controlfield><controlfield tag="008">050107s                      001 0 eng d</controlfield><datafield tag="040" ind1=" " ind2=" "><subfield code="a">ZinteropUNT</subfield></datafield><datafield tag="100" ind1="1" ind2=" "><subfield code="a">re1001a1r, re1001a2r, </subfield><subfield code="d">re1001d11r.</subfield></datafield><datafield tag="245" ind1="1" ind2="0"><subfield code="a">re2451a1r re2451a2r re2451a3r : </subfield><subfield code="b">re2451b1r re2451b2r re2451b3r / </subfield><subfield code="c">re2451c1r re2451c2r re2451c3r.</subfield></datafield><datafield tag="440" ind1=" " ind2="0"><subfield code="a">re4401a1r re4401a2r re4401a3r</subfield></datafield><datafield tag="490" ind1="1" ind2=" "><subfield code="a">re4901a1r re4901a2r re4901a3r</subfield></datafield><datafield tag="583" ind1=" " ind2=" "><subfield code="a">RadMARC </subfield><subfield code="b">www.unt.edu/zinterop/003 </subfield><subfield code="d">1 </subfield><subfield code="e">ATS </subfield><subfield code="i">1 </subfield><subfield code="k">JungWon Yoon </subfield><subfield code="x">This is a specially created test record for the Z-Interop2 Project under the direction of Dr. William E. Moen  at the Texas Center for Digital Knowledge, University of North Texas. Contact Dr. Moen via email &lt;wemoen@unt.edu&gt; for information about this project. Funding for this project is provided by a National Leadership Grant from the U.S. Federal Institute of Museum and Library Services. This particular record supports testing related to a Cartographic Materials type of MARC record. The record support test searches for author, title, subject, and any Bath and U.S. National Z39.50 profile-defined searches, Levels 0 and 1, where the threshold of occurrence of the indexable content designation being populated in the record is 19, for the 19 most commonly occurring indexable author, title, and subject fields discovered in a separate analysis. This is the first version of this record.</subfield></datafield><datafield tag="600" ind1="1" ind2="0"><subfield code="a">re6001a1r re6001a2r, </subfield><subfield code="d">re6001d1r.</subfield></datafield><datafield tag="650" ind1=" " ind2="0"><subfield code="a">re6501a1r re6501a2r re6501a3r </subfield><subfield code="x">re6501x1r </subfield><subfield code="v">re6501v1r </subfield><subfield code="z">re6501z1r.</subfield></datafield><datafield tag="651" ind1=" " ind2="0"><subfield code="a">re6511a1r re6511a2r </subfield><subfield code="x">re6511x1r.</subfield></datafield><datafield tag="653" ind1=" " ind2=" "><subfield code="a">re6531a1r re6531a2r re6531a3r</subfield></datafield><datafield tag="700" ind1="1" ind2=" "><subfield code="a">re7001a1r re7001a2r, </subfield><subfield code="d">re7001d1r.</subfield></datafield><datafield tag="710" ind1="2" ind2=" "><subfield code="a">re7101a1r re7101a2r.</subfield></datafield></record>