<record><leader>01763nam a2200205 a 4500</leader><controlfield tag="001">UNTRadMARC004</controlfield><controlfield tag="005">20050107142140.0</controlfield><controlfield tag="008">050107s                      001 0 eng d</controlfield><datafield tag="040" ind1=" " ind2=" "><subfield code="a">ZinteropUNT</subfield></datafield><datafield tag="100" ind1="1" ind2=" "><subfield code="a">rg1001a1r, rg1001a2r, </subfield><subfield code="d">rg1001d11r.</subfield></datafield><datafield tag="245" ind1="1" ind2="0"><subfield code="a">rg2451a1r rg2451a2r rg2451a3r : </subfield><subfield code="b">rg2451b1r rg2451b2r rg2451b3r / </subfield><subfield code="c">rg2451c1r rg2451c2r rg2451c3r.</subfield></datafield><datafield tag="440" ind1=" " ind2="0"><subfield code="a">rg4401a1r rg4401a2r rg4401a3r</subfield></datafield><datafield tag="490" ind1="1" ind2=" "><subfield code="a">rg4901a1r rg4901a2r rg4901a3r</subfield></datafield><datafield tag="583" ind1=" " ind2=" "><subfield code="a">RadMARC </subfield><subfield code="b">www.unt.edu/zinterop/004 </subfield><subfield code="d">1 </subfield><subfield code="e">ATS </subfield><subfield code="i">1 </subfield><subfield code="k">JungWon Yoon </subfield><subfield code="x">This is a specially created test record for the Z-Interop2 Project under the direction of Dr. William E. Moen  at the Texas Center for Digital Knowledge, University of North Texas. Contact Dr. Moen via email &lt;wemoen@unt.edu&gt; for information about this project. Funding for this project is provided by a National Leadership Grant from the U.S. Federal Institute of Museum and Library Services. This particular record supports testing related to a Motion pictures and video-recordings (including digital and non-digital) type of MARC record. The record support test searches for author, title, subject, and any Bath and U.S. National Z39.50 profile-defined searches, Levels 0 and 1, where the threshold of occurrence of the indexable content designation being populated in the record is 19, for the 19 most commonly occurring indexable author, title, and subject fields discovered in a separate analysis. This is the first version of this record.</subfield></datafield><datafield tag="600" ind1="1" ind2="0"><subfield code="a">rg6001a1r rg6001a2r, </subfield><subfield code="d">rg6001d1r.</subfield></datafield><datafield tag="650" ind1=" " ind2="0"><subfield code="a">rg6501a1r rg6501a2r rg6501a3r </subfield><subfield code="x">rg6501x1r </subfield><subfield code="v">rg6501v1r </subfield><subfield code="z">rg6501z1r.</subfield></datafield><datafield tag="651" ind1=" " ind2="0"><subfield code="a">rg6511a1r rg6511a2r </subfield><subfield code="x">rg6511x1r.</subfield></datafield><datafield tag="653" ind1=" " ind2=" "><subfield code="a">rg6531a1r rg6531a2r rg6531a3r</subfield></datafield><datafield tag="700" ind1="1" ind2=" "><subfield code="a">rg7001a1r rg7001a2r, </subfield><subfield code="d">rg7001d1r.</subfield></datafield><datafield tag="710" ind1="2" ind2=" "><subfield code="a">rg7101a1r rg7101a2r.</subfield></datafield></record>