<record><leader>01733nam a2200205 a 4500</leader><controlfield tag="001">UNTRadMARC005</controlfield><controlfield tag="005">20050107142240.3</controlfield><controlfield tag="008">050107s                      001 0 eng d</controlfield><datafield tag="040" ind1=" " ind2=" "><subfield code="a">ZinteropUNT</subfield></datafield><datafield tag="100" ind1="1" ind2=" "><subfield code="a">rj1001a1r, rj1001a2r, </subfield><subfield code="d">rj1001d11r.</subfield></datafield><datafield tag="245" ind1="1" ind2="0"><subfield code="a">rj2451a1r rj2451a2r rj2451a3r : </subfield><subfield code="b">rj2451b1r rj2451b2r rj2451b3r / </subfield><subfield code="c">rj2451c1r rj2451c2r rj2451c3r.</subfield></datafield><datafield tag="440" ind1=" " ind2="0"><subfield code="a">rj4401a1r rj4401a2r rj4401a3r</subfield></datafield><datafield tag="490" ind1="1" ind2=" "><subfield code="a">rj4901a1r rj4901a2r rj4901a3r</subfield></datafield><datafield tag="583" ind1=" " ind2=" "><subfield code="a">RadMARC </subfield><subfield code="b">www.unt.edu/zinterop/005 </subfield><subfield code="d">1 </subfield><subfield code="e">ATS </subfield><subfield code="i">1 </subfield><subfield code="k">JungWon Yoon </subfield><subfield code="x">This is a specially created test record for the Z-Interop2 Project under the direction of Dr. William E. Moen  at the Texas Center for Digital Knowledge, University of North Texas. Contact Dr. Moen via email &lt;wemoen@unt.edu&gt; for information about this project. Funding for this project is provided by a National Leadership Grant from the U.S. Federal Institute of Museum and Library Services. This particular record supports testing related to a Sound Recordings (musical and non-musical) type of MARC record. The record support test searches for author, title, subject, and any Bath and U.S. National Z39.50 profile-defined searches, Levels 0 and 1, where the threshold of occurrence of the indexable content designation being populated in the record is 19, for the 19 most commonly occurring indexable author, title, and subject fields discovered in a separate analysis. This is the first version of this record.</subfield></datafield><datafield tag="600" ind1="1" ind2="0"><subfield code="a">rj6001a1r rj6001a2r, </subfield><subfield code="d">rj6001d1r.</subfield></datafield><datafield tag="650" ind1=" " ind2="0"><subfield code="a">rj6501a1r rj6501a2r rj6501a3r </subfield><subfield code="x">rj6501x1r </subfield><subfield code="v">rj6501v1r </subfield><subfield code="z">rj6501z1r.</subfield></datafield><datafield tag="651" ind1=" " ind2="0"><subfield code="a">rj6511a1r rj6511a2r </subfield><subfield code="x">rj6511x1r.</subfield></datafield><datafield tag="653" ind1=" " ind2=" "><subfield code="a">rj6531a1r rj6531a2r rj6531a3r</subfield></datafield><datafield tag="700" ind1="1" ind2=" "><subfield code="a">rj7001a1r rj7001a2r, </subfield><subfield code="d">rj7001d1r.</subfield></datafield><datafield tag="710" ind1="2" ind2=" "><subfield code="a">rj7101a1r rj7101a2r.</subfield></datafield></record>