<record><leader>01712nam a2200205 a 4500</leader><controlfield tag="001">UNTRadMARC006</controlfield><controlfield tag="005">20050107142340.5</controlfield><controlfield tag="008">050107s                      001 0 eng d</controlfield><datafield tag="040" ind1=" " ind2=" "><subfield code="a">ZinteropUNT</subfield></datafield><datafield tag="100" ind1="1" ind2=" "><subfield code="a">rm1001a1r, rm1001a2r, </subfield><subfield code="d">rm1001d11r.</subfield></datafield><datafield tag="245" ind1="1" ind2="0"><subfield code="a">rm2451a1r rm2451a2r rm2451a3r : </subfield><subfield code="b">rm2451b1r rm2451b2r rm2451b3r / </subfield><subfield code="c">rm2451c1r rm2451c2r rm2451c3r.</subfield></datafield><datafield tag="440" ind1=" " ind2="0"><subfield code="a">rm4401a1r rm4401a2r rm4401a3r</subfield></datafield><datafield tag="490" ind1="1" ind2=" "><subfield code="a">rm4901a1r rm4901a2r rm4901a3r</subfield></datafield><datafield tag="583" ind1=" " ind2=" "><subfield code="a">RadMARC </subfield><subfield code="b">www.unt.edu/zinterop/006 </subfield><subfield code="d">1 </subfield><subfield code="e">ATS </subfield><subfield code="i">1 </subfield><subfield code="k">JungWon Yoon </subfield><subfield code="x">This is a specially created test record for the Z-Interop2 Project under the direction of Dr. William E. Moen  at the Texas Center for Digital Knowledge, University of North Texas. Contact Dr. Moen via email &lt;wemoen@unt.edu&gt; for information about this project. Funding for this project is provided by a National Leadership Grant from the U.S. Federal Institute of Museum and Library Services. This particular record supports testing related to an Electronic Resources type of MARC record. The record support test searches for author, title, subject, and any Bath and U.S. National Z39.50 profile-defined searches, Levels 0 and 1, where the threshold of occurrence of the indexable content designation being populated in the record is 19, for the 19 most commonly occurring indexable author, title, and subject fields discovered in a separate analysis. This is the first version of this record.</subfield></datafield><datafield tag="600" ind1="1" ind2="0"><subfield code="a">rm6001a1r rm6001a2r, </subfield><subfield code="d">rm6001d1r.</subfield></datafield><datafield tag="650" ind1=" " ind2="0"><subfield code="a">rm6501a1r rm6501a2r rm6501a3r </subfield><subfield code="x">rm6501x1r </subfield><subfield code="v">rm6501v1r </subfield><subfield code="z">rm6501z1r.</subfield></datafield><datafield tag="651" ind1=" " ind2="0"><subfield code="a">rm6511a1r rm6511a2r </subfield><subfield code="x">rm6511x1r.</subfield></datafield><datafield tag="653" ind1=" " ind2=" "><subfield code="a">rm6531a1r rm6531a2r rm6531a3r</subfield></datafield><datafield tag="700" ind1="1" ind2=" "><subfield code="a">rm7001a1r rm7001a2r, </subfield><subfield code="d">rm7001d1r.</subfield></datafield><datafield tag="710" ind1="2" ind2=" "><subfield code="a">rm7101a1r rm7101a2r.</subfield></datafield></record>