<record><leader>01769nam a2200205 a 4500</leader><controlfield tag="001">UNTRadMARC007</controlfield><controlfield tag="005">20050107142340.5</controlfield><controlfield tag="008">050107s                      001 0 eng d</controlfield><datafield tag="040" ind1=" " ind2=" "><subfield code="a">ZinteropUNT</subfield></datafield><datafield tag="100" ind1="1" ind2=" "><subfield code="a">rp1001a1r, rp1001a2r, </subfield><subfield code="d">rp1001d11r.</subfield></datafield><datafield tag="245" ind1="1" ind2="0"><subfield code="a">rp2451a1r rp2451a2r rp2451a3r : </subfield><subfield code="b">rp2451b1r rp2451b2r rp2451b3r / </subfield><subfield code="c">rp2451c1r rp2451c2r rp2451c3r.</subfield></datafield><datafield tag="440" ind1=" " ind2="0"><subfield code="a">rp4401a1r rp4401a2r rp4401a3r</subfield></datafield><datafield tag="490" ind1="1" ind2=" "><subfield code="a">rp4901a1r rp4901a2r rp4901a3r</subfield></datafield><datafield tag="583" ind1=" " ind2=" "><subfield code="a">RadMARC </subfield><subfield code="b">www.unt.edu/zinterop/007 </subfield><subfield code="d">1 </subfield><subfield code="e">ATS </subfield><subfield code="i">1 </subfield><subfield code="k">JungWon Yoon </subfield><subfield code="x">This is a specially created test record for the Z-Interop2 Project under the direction of Dr. William E. Moen  at the Texas Center for Digital Knowledge, University of North Texas. Contact Dr. Moen via email &lt;wemoen@unt.edu&gt; for information about this project. Funding for this project is provided by a National Leadership Grant from the U.S. Federal Institute of Museum and Library Services. This particular record supports testing related to a Graphic materials (includes mixed materials, with or without archival control) type of MARC record. The record support test searches for author, title, subject, and any Bath and U.S. National Z39.50 profile-defined searches, Levels 0 and 1, where the threshold of occurrence of the indexable content designation being populated in the record is 19, for the 19 most commonly occurring indexable author, title, and subject fields discovered in a separate analysis. This is the first version of this record.</subfield></datafield><datafield tag="600" ind1="1" ind2="0"><subfield code="a">rp6001a1r rp6001a2r, </subfield><subfield code="d">rp6001d1r.</subfield></datafield><datafield tag="650" ind1=" " ind2="0"><subfield code="a">rp6501a1r rp6501a2r rp6501a3r </subfield><subfield code="x">rp6501x1r </subfield><subfield code="v">rp6501v1r </subfield><subfield code="z">rp6501z1r.</subfield></datafield><datafield tag="651" ind1=" " ind2="0"><subfield code="a">rp6511a1r rp6511a2r </subfield><subfield code="x">rp6511x1r.</subfield></datafield><datafield tag="653" ind1=" " ind2=" "><subfield code="a">rp6531a1r rp6531a2r rp6531a3r</subfield></datafield><datafield tag="700" ind1="1" ind2=" "><subfield code="a">rp7001a1r rp7001a2r, </subfield><subfield code="d">rp7001d1r.</subfield></datafield><datafield tag="710" ind1="2" ind2=" "><subfield code="a">rp7101a1r rp7101a2r.</subfield></datafield></record>