<record><leader>01737nam a2200205 a 4500</leader><controlfield tag="001">UNTRadMARC010</controlfield><controlfield tag="005">20050107142540.1</controlfield><controlfield tag="008">050107s                      001 0 eng d</controlfield><datafield tag="040" ind1=" " ind2=" "><subfield code="a">ZinteropUNT</subfield></datafield><datafield tag="100" ind1="1" ind2=" "><subfield code="a">rt1001a1r, rt1001a2r, </subfield><subfield code="d">rt1001d11r.</subfield></datafield><datafield tag="245" ind1="1" ind2="0"><subfield code="a">rt2451a1r rt2451a2r rt2451a3r : </subfield><subfield code="b">rt2451b1r rt2451b2r rt2451b3r / </subfield><subfield code="c">rt2451c1r rt2451c2r rt2451c3r.</subfield></datafield><datafield tag="440" ind1=" " ind2="0"><subfield code="a">rt4401a1r rt4401a2r rt4401a3r</subfield></datafield><datafield tag="490" ind1="1" ind2=" "><subfield code="a">rt4901a1r rt4901a2r rt4901a3r</subfield></datafield><datafield tag="583" ind1=" " ind2=" "><subfield code="a">RadMARC </subfield><subfield code="b">www.unt.edu/zinterop/010 </subfield><subfield code="d">1 </subfield><subfield code="e">ATS </subfield><subfield code="i">1 </subfield><subfield code="k">JungWon Yoon </subfield><subfield code="x">This is a specially created test record for the Z-Interop2 Project under the direction of Dr. William E. Moen  at the Texas Center for Digital Knowledge, University of North Texas. Contact Dr. Moen via email &lt;wemoen@unt.edu&gt; for information about this project. Funding for this project is provided by a National Leadership Grant from the U.S. Federal Institute of Museum and Library Services. This particular record supports testing related to a Manuscripts (including manuscript collections) type of MARC record. The record support test searches for author, title, subject, and any Bath and U.S. National Z39.50 profile-defined searches, Levels 0 and 1, where the threshold of occurrence of the indexable content designation being populated in the record is 19, for the 19 most commonly occurring indexable author, title, and subject fields discovered in a separate analysis. This is the first version of this record.</subfield></datafield><datafield tag="600" ind1="1" ind2="0"><subfield code="a">rt6001a1r rt6001a2r, </subfield><subfield code="d">rt6001d1r.</subfield></datafield><datafield tag="650" ind1=" " ind2="0"><subfield code="a">rt6501a1r rt6501a2r rt6501a3r </subfield><subfield code="x">rt6501x1r </subfield><subfield code="v">rt6501v1r </subfield><subfield code="z">rt6501z1r.</subfield></datafield><datafield tag="651" ind1=" " ind2="0"><subfield code="a">rt6511a1r rt6511a2r </subfield><subfield code="x">rt6511x1r.</subfield></datafield><datafield tag="653" ind1=" " ind2=" "><subfield code="a">rt6531a1r rt6531a2r rt6531a3r</subfield></datafield><datafield tag="700" ind1="1" ind2=" "><subfield code="a">rt7001a1r rt7001a2r, </subfield><subfield code="d">rt7001d1r.</subfield></datafield><datafield tag="710" ind1="2" ind2=" "><subfield code="a">rt7101a1r rt7101a2r.</subfield></datafield></record></collection>